<?xml version="1.0" encoding="UTF-8"?><record xmlns="http://www.loc.gov/MARC21/slim" xmlns:cinclude="http://apache.org/cocoon/include/1.0" xmlns:zs="http://www.loc.gov/zing/srw/">
  <leader>00447nz  a2200121n  4500</leader>
  <controlfield tag="001">n  93063340 </controlfield>
  <controlfield tag="003">DLC</controlfield>
  <controlfield tag="005">19930703094310.1</controlfield>
  <controlfield tag="008">930703n| acannaab|          |n aaa |||  </controlfield>
  <datafield tag="010" ind1=" " ind2=" ">
    <subfield code="a">n  93063340 </subfield>
  </datafield>
  <datafield tag="040" ind1=" " ind2=" ">
    <subfield code="a">DLC</subfield>
    <subfield code="c">DLC</subfield>
  </datafield>
  <datafield tag="100" ind1="1" ind2="0">
    <subfield code="a">Petra휍혖, Basilio,</subfield>
    <subfield code="d">1946-</subfield>
  </datafield>
  <datafield tag="670" ind1=" " ind2=" ">
    <subfield code="a">Tra cielo e terra, c1991:</subfield>
    <subfield code="b">t.p. (Basilio Petra휍혖) p. 4 of cover (b. in Arezzo in 1946; priest in the diocese of Prato; doctor of moral theology from the Accademia Alfonsiana, Rome, 1981)</subfield>
  </datafield>
</record>